@incollection{diaz2018stochastic,
  title={Stochastic Treatment Regimes},
  author={D{\'\i}az, Iv{\'a}n and {van der Laan}, Mark J},
  booktitle={Targeted Learning in Data Science: Causal Inference for Complex
    Longitudinal Studies},
  pages={167--180},
  year={2018},
  publisher={Springer Science \& Business Media}
}

@article{diaz2012population,
  title={Population intervention causal effects based on stochastic
    interventions},
  author={D{\'\i}az, Iv{\'a}n and {van der Laan}, Mark J},
  journal={Biometrics},
  volume={68},
  number={2},
  pages={541--549},
  year={2012},
  publisher={Wiley Online Library}
}

@article{rose2011targeted2sd,
  title={A targeted maximum likelihood estimator for two-stage designs},
  author={Rose, Sherri and {van der Laan}, Mark J},
  journal={The International Journal of Biostatistics},
  volume={7},
  number={1},
  pages={1--21},
  year={2011}
}

@article{janes2017higher,
  title={Higher T-cell responses induced by DNA/rAd5 HIV-1 preventive vaccine
    are associated with lower HIV-1 infection risk in an efficacy trial},
  author={Janes, Holly E and Cohen, Kristen W and Frahm, Nicole and De Rosa,
    Stephen C and Sanchez, Brittany and Hural, John and Magaret, Craig A and
      Karuna, Shelly and Bentley, Carter and Gottardo, Raphael and others},
  journal={The Journal of infectious diseases},
  volume={215},
  number={9},
  pages={1376--1385},
  year={2017},
  publisher={Oxford University Press}
}

@article{vdl2006targeted,
  title={Targeted maximum likelihood learning},
  author={{van der Laan}, Mark J and Rubin, Daniel},
  journal={The International Journal of Biostatistics},
  volume={2},
  number={1},
  year={2006}
}

@article{vdl2004asymptotic,
  title={Asymptotic optimality of likelihood-based cross-validation},
  author={{van der Laan}, Mark J and Dudoit, Sandrine and Keles, Sunduz},
  journal={Statistical Applications in Genetics and Molecular Biology},
  volume={3},
  number={1},
  pages={1--23},
  year={2004}
}

@article{dudoit2005asymptotics,
  title={Asymptotics of cross-validated risk estimation in estimator selection
    and performance assessment},
  author={Dudoit, Sandrine and {van der Laan}, Mark J},
  journal={Statistical Methodology},
  volume={2},
  number={2},
  pages={131--154},
  year={2005},
  publisher={Elsevier}
}

@article{vdl2007super,
  title={{Super Learner}},
  author={{van der Laan}, Mark J and Polley, Eric C and Hubbard, Alan E},
  journal={Statistical Applications in Genetics and Molecular Biology},
  volume={6},
  number={1},
  year={2007}
}

@article{breiman1996stacked,
  title={Stacked regressions},
  author={Breiman, Leo},
  journal={Machine Learning},
  volume={24},
  number={1},
  pages={49--64},
  year={1996},
  publisher={Springer}
}

@book{pearl2009causality,
  title={Causality: Models, Reasoning, and Inference},
  author={Pearl, Judea},
  year={2009},
  publisher={Cambridge University Press}
}

@article{holland1986statistics,
  title={Statistics and causal inference},
  author={Holland, Paul W},
  journal={Journal of the American statistical Association},
  volume={81},
  number={396},
  pages={945--960},
  year={1986},
  publisher={Taylor \& Francis}
}

@article{rosenbaum1983central,
  title={The central role of the propensity score in observational studies for
    causal effects},
  author={Rosenbaum, Paul R and Rubin, Donald B},
  journal={Biometrika},
  volume={70},
  number={1},
  pages={41--55},
  year={1983},
  publisher={Biometrika Trust}
}

@article{diaz2011super,
  title={Super learner based conditional density estimation with application to
    marginal structural models},
  author={D{\'\i}az, Iv{\'a}n and van der Laan, Mark J},
  journal={The international journal of biostatistics},
  volume={7},
  number={1},
  pages={1--20},
  year={2011}
}

@article{haneuse2013estimation,
  title={Estimation of the effect of interventions that modify the received
    treatment},
  author={Haneuse, Sebastian and Rotnitzky, Andrea},
  journal={Statistics in medicine},
  volume={32},
  number={30},
  pages={5260--5277},
  year={2013},
  publisher={Wiley Online Library}
}

@article{young2014identification,
  title={Identification, estimation and approximation of risk under
    interventions that depend on the natural value of treatment using
    observational data},
  author={Young, Jessica G and Hern{\'a}n, Miguel A and Robins, James M},
  journal={Epidemiologic methods},
  volume={3},
  number={1},
  pages={1--19},
  year={2014},
  publisher={De Gruyter}
}

@article{hammer2013efficacy,
  title={Efficacy trial of a {DNA/rAd5 HIV-1} preventive vaccine},
  author={Hammer, Scott M and Sobieszczyk, Magdalena E and Janes, Holly and
    Karuna, Shelly T and Mulligan, Mark J and Grove, Doug and Koblin, Beryl A
    and Buchbinder, Susan P and Keefer, Michael C and Tomaras, Georgia D and
    others},
  journal={New England Journal of Medicine},
  volume={369},
  number={22},
  pages={2083--2092},
  year={2013},
  publisher={Mass Medical Soc}
}

@article{rubin2005causal,
  title={Causal inference using potential outcomes: Design, modeling,
    decisions},
  author={Rubin, Donald B},
  journal={Journal of the American Statistical Association},
  volume={100},
  number={469},
  pages={322--331},
  year={2005},
  publisher={Taylor \& Francis}
}

@article{rubin1978bayesian,
  title={Bayesian inference for causal effects: The role of randomization},
  author={Rubin, Donald B},
  journal={The Annals of statistics},
  pages={34--58},
  year={1978},
  publisher={JSTOR}
}

@article{rubin1980randomization,
  title={Randomization analysis of experimental data: The Fisher randomization
    test comment},
  author={Rubin, Donald B},
  journal={Journal of the American Statistical Association},
  volume={75},
  number={371},
  pages={591--593},
  year={1980},
  publisher={JSTOR}
}

@article{kennedy2017non,
  title={Non-parametric methods for doubly robust estimation of continuous
    treatment effects},
  author={Kennedy, Edward H and Ma, Zongming and McHugh, Matthew D and Small,
    Dylan S},
  journal={Journal of the Royal Statistical Society: Series B (Statistical
    Methodology)},
  volume={79},
  number={4},
  pages={1229--1245},
  year={2017},
  publisher={Wiley Online Library}
}

@article{wolpert1992stacked,
  title={Stacked generalization},
  author={Wolpert, David H},
  journal={Neural networks},
  volume={5},
  number={2},
  pages={241--259},
  year={1992},
  publisher={Elsevier}
}

@article{kennedy2018nonparametric,
  title={Nonparametric causal effects based on incremental propensity score
    interventions},
  author={Kennedy, Edward H},
  journal={Journal of the American Statistical Association},
  number={just-accepted},
  year={2018},
  publisher={Taylor \& Francis}
}
